<record><leader>00000cas a22000007a 4500</leader><controlfield tag="001">15087201</controlfield><controlfield tag="008">870119d19431945txuwr ne     o0    0eng d</controlfield><datafield ind1=" " ind2=" " tag="010"><subfield code="a">sn 86090768 </subfield></datafield><datafield ind1=" " ind2=" " tag="040"><subfield code="a">PPM</subfield><subfield code="b">eng</subfield><subfield code="c">PPM</subfield><subfield code="d">OCLCQ</subfield></datafield><datafield ind1=" " ind2=" " tag="042"><subfield code="a">msc</subfield></datafield><datafield ind1="0" ind2=" " tag="130"><subfield code="a">Longhorn (Camp Wolters, Tex. : 1943)</subfield></datafield><datafield ind1="1" ind2="4" tag="245"><subfield code="a">The longhorn.</subfield></datafield><datafield ind1=" " ind2=" " tag="260"><subfield code="a">Camp Wolters, Tex. :</subfield><subfield code="b">[s.n.],</subfield><subfield code="c">1943-1945.</subfield></datafield><datafield ind1=" " ind2=" " tag="300"><subfield code="a">v. :</subfield><subfield code="b">ill. ;</subfield><subfield code="c">45 cm.</subfield></datafield><datafield ind1=" " ind2=" " tag="310"><subfield code="a">Weekly</subfield></datafield><datafield ind1="0" ind2=" " tag="362"><subfield code="a">Vol. 3, no. 9 (Aug. 27, 1943)-v. 5, no. 27 (Dec. 28, 1945).</subfield></datafield><datafield ind1=" " ind2=" " tag="530"><subfield code="a">Also on microfilm: Austin, Texas: The University of Texas, Center for American History.</subfield></datafield><datafield ind1=" " ind2=" " tag="752"><subfield code="a">United States</subfield><subfield code="b">Texas</subfield><subfield code="c">Palo Pinto</subfield><subfield code="d">Mineral Wells.</subfield></datafield><datafield ind1=" " ind2=" " tag="752"><subfield code="a">United States</subfield><subfield code="b">Texas</subfield><subfield code="c">Palo Pinto</subfield><subfield code="d">Camp Wolters.</subfield></datafield><datafield ind1="0" ind2="0" tag="780"><subfield code="t">Camp Wolters longhorn</subfield><subfield code="w">(DLC)sn 86090767</subfield></datafield></record>